<record><leader>00000cas a22000001a 4500</leader><controlfield tag="001">32767518</controlfield><controlfield tag="007">hd afb018baca</controlfield><controlfield tag="007">hd bfb018baaa</controlfield><controlfield tag="008">950705d18401920nyudr nea     0    0eng c</controlfield><datafield ind1=" " ind2=" " tag="010"><subfield code="a">sn 94092486 </subfield></datafield><datafield ind1=" " ind2=" " tag="040"><subfield code="a">NN</subfield><subfield code="b">eng</subfield><subfield code="c">RQM</subfield><subfield code="d">OCL</subfield><subfield code="d">OCLCG</subfield><subfield code="d">OCLCQ</subfield><subfield code="d">OCLCF</subfield><subfield code="d">OCLCO</subfield><subfield code="d">WVU</subfield></datafield><datafield ind1=" " ind2=" " tag="012"><subfield code="i">9507</subfield></datafield><datafield ind1="1" ind2=" " tag="029"><subfield code="a">AU@</subfield><subfield code="b">000011785329</subfield></datafield><datafield ind1=" " ind2=" " tag="042"><subfield code="a">pcc</subfield></datafield><datafield ind1=" " ind2=" " tag="043"><subfield code="a">n-us-ny</subfield></datafield><datafield ind1="0" ind2=" " tag="130"><subfield code="a">New York herald (New York, N.Y. : 1840)</subfield></datafield><datafield ind1="1" ind2="4" tag="245"><subfield code="a">The New York herald</subfield><subfield code="h">[microform].</subfield></datafield><datafield ind1=" " ind2=" " tag="260"><subfield code="a">New York [N.Y.] :</subfield><subfield code="b">James Gordon Bennett,</subfield><subfield code="c">1840-1920.</subfield></datafield><datafield ind1=" " ind2=" " tag="300"><subfield code="a">82 v. :</subfield><subfield code="b">ill. ;</subfield><subfield code="c">59 cm.</subfield></datafield><datafield ind1=" " ind2=" " tag="310"><subfield code="a">Daily,</subfield><subfield code="b">Jan. 9, 1842-1920</subfield></datafield><datafield ind1=" " ind2=" " tag="321"><subfield code="a">Daily (except Sunday),</subfield><subfield code="b">1840-Jan. 8, 1842</subfield></datafield><datafield ind1="0" ind2=" " tag="362"><subfield code="a">Vol. 6, no. 1565 (Sept. 21, 1840)-v. 87, no. 153 (Jan. 31, 1920) = no. 1565-30,476.</subfield></datafield><datafield ind1=" " ind2=" " tag="580"><subfield code="a">Weekly eds.: Weekly herald (New York, N.Y. : 1836), 1840-1896, and: Family herald, 1857-&lt;1862&gt;.</subfield></datafield><datafield ind1=" " ind2=" " tag="580"><subfield code="a">Steamer eds.: Herald for Europe, 1846-1879, and: California herald (New York, N.Y. : 1848), 1848-1849, and: New York herald (New York, N.Y. : California ed.), &lt;1858&gt;, and: New York herald (New York, N.Y. : Pacific ed.), &lt;1864&gt;.</subfield></datafield><datafield ind1=" " ind2=" " tag="580"><subfield code="a">Merged with: Sun (New York, N.Y. : 1916) to form: Sun and the New York herald.</subfield></datafield><datafield ind1=" " ind2=" " tag="533"><subfield code="a">Microfilm.</subfield><subfield code="m">Jan. 1-31,1920. On film with related titles.</subfield><subfield code="b">New York :</subfield><subfield code="c">New York Public Library,</subfield><subfield code="d">[19--].</subfield><subfield code="e">49 microfilm reels ; 35 mm.</subfield></datafield><datafield ind1=" " ind2="0" tag="651"><subfield code="a">New York (N.Y.)</subfield><subfield code="v">Newspapers.</subfield></datafield><datafield ind1=" " ind2="7" tag="651"><subfield code="a">New York (State)</subfield><subfield code="z">New York.</subfield><subfield code="2">fast</subfield><subfield code="0">(OCoLC)fst01204333</subfield></datafield><datafield ind1=" " ind2="7" tag="655"><subfield code="a">Newspapers.</subfield><subfield code="2">fast</subfield><subfield code="0">(OCoLC)fst01423814</subfield></datafield><datafield ind1="1" ind2=" " tag="700"><subfield code="a">Bennett, James Gordon,</subfield><subfield code="d">1795-1872.</subfield></datafield><datafield ind1=" " ind2=" " tag="752"><subfield code="a">United States</subfield><subfield code="b">New York</subfield><subfield code="c">New York</subfield><subfield code="d">New York.</subfield></datafield><datafield ind1="1" ind2=" " tag="775"><subfield code="t">Weekly herald (New York, N.Y. : 1836)</subfield><subfield code="w">(DLC)sn 94087597</subfield></datafield><datafield ind1="1" ind2=" " tag="775"><subfield code="t">Family herald</subfield><subfield code="w">(DLC)sn 94084059</subfield></datafield><datafield ind1="1" ind2=" " tag="775"><subfield code="t">Herald for Europe</subfield><subfield code="w">(DLC)sn 85025964</subfield><subfield code="w">(OCoLC)19333612</subfield></datafield><datafield ind1="1" ind2=" " tag="775"><subfield code="t">California herald (New York, N.Y.)</subfield></datafield><datafield ind1="1" ind2=" " tag="775"><subfield code="t">New York herald (New York, N.Y. : California ed.)</subfield></datafield><datafield ind1="1" ind2=" " tag="775"><subfield code="t">New York herald (New York, N.Y. : Pacific ed.)</subfield></datafield><datafield ind1="1" ind2=" " tag="776"><subfield code="c">Original</subfield><subfield code="w">(DLC)sn 83030313</subfield></datafield><datafield ind1="0" ind2="0" tag="780"><subfield code="t">Morning herald (New York, N.Y. : 1837)</subfield></datafield><datafield ind1="1" ind2="7" tag="785"><subfield code="t">Sun (New York, N.Y. : 1916)</subfield></datafield><datafield ind1="1" ind2="7" tag="785"><subfield code="t">Sun and the New York herald</subfield><subfield code="w">(DLC)sn 94092487</subfield></datafield><datafield ind1=" " ind2=" " tag="850"><subfield code="a">NN</subfield><subfield code="a">NN (master)</subfield></datafield></record>